{"btc_usd":[{"type":"ask","price":17555.91111,"amount":0.0076996,"tid":205364435,"timestamp":1671725728},{"type":"ask","price":17557.9111,"amount":0.00102574,"tid":205364434,"timestamp":1671725728},{"type":"ask","price":17559.9,"amount":0.00029054,"tid":205364433,"timestamp":1671725728},{"type":"ask","price":17559.9111,"amount":0.00002685,"tid":205364432,"timestamp":1671725728},{"type":"ask","price":17559.9111,"amount":0.00111211,"tid":205364431,"timestamp":1671725084},{"type":"ask","price":17563,"amount":0.00002264,"tid":205364430,"timestamp":1671725084},{"type":"ask","price":17563.00000002,"amount":0.00020525,"tid":205364429,"timestamp":1671725084},{"type":"ask","price":17563,"amount":0.00111611,"tid":205364428,"timestamp":1671724766},{"type":"ask","price":17563,"amount":0.00001489,"tid":205364427,"timestamp":1671724766},{"type":"ask","price":17563,"amount":0.00071706,"tid":205364426,"timestamp":1671724434},{"type":"ask","price":17563.11,"amount":0.00002594,"tid":205364425,"timestamp":1671724434},{"type":"ask","price":17563.11,"amount":0.001006,"tid":205364424,"timestamp":1671724395},{"type":"ask","price":17563.19997603,"amount":0.00020517,"tid":205364423,"timestamp":1671723901},{"type":"ask","price":17563.2,"amount":0.00044083,"tid":205364422,"timestamp":1671723901},{"type":"ask","price":17563.2,"amount":0.00000042,"tid":205364421,"timestamp":1671723515},{"type":"ask","price":17675.2102456,"amount":0.00058058,"tid":205364420,"timestamp":1671723515},{"type":"bid","price":17759.2,"amount":0.00027784,"tid":205364419,"timestamp":1671722879},{"type":"bid","price":17759.29989,"amount":0.00010081,"tid":205364418,"timestamp":1671722840},{"type":"bid","price":17759.29989,"amount":0.00012097,"tid":205364417,"timestamp":1671722839},{"type":"bid","price":17759.3,"amount":0.00014517,"tid":205364416,"timestamp":1671722826},{"type":"ask","price":17563.1,"amount":0.00040742,"tid":205364415,"timestamp":1671721764},{"type":"ask","price":17563.1,"amount":0.00049258,"tid":205364414,"timestamp":1671721757},{"type":"bid","price":17761.35655641,"amount":0.00115952,"tid":205364413,"timestamp":1671721681},{"type":"bid","price":17796.59979,"amount":0.00014812,"tid":205364412,"timestamp":1671721679},{"type":"ask","price":17796.5,"amount":0.00043579,"tid":205364411,"timestamp":1671721678},{"type":"bid","price":17796.59979,"amount":0.00052493,"tid":205364410,"timestamp":1671721676},{"type":"bid","price":17796.5,"amount":0.00003585,"tid":205364409,"timestamp":1671721676},{"type":"bid","price":17796.5,"amount":0.00043579,"tid":205364408,"timestamp":1671721672},{"type":"bid","price":17796.5,"amount":0.00042836,"tid":205364407,"timestamp":1671721672},{"type":"ask","price":17563.6757,"amount":0.0001115,"tid":205364406,"timestamp":1671719806},{"type":"ask","price":17563.6757,"amount":0.0003938,"tid":205364405,"timestamp":1671718561},{"type":"ask","price":17571.6755,"amount":0.0004364,"tid":205364404,"timestamp":1671718561},{"type":"ask","price":17571.6755,"amount":0.00088522,"tid":205364403,"timestamp":1671718013},{"type":"ask","price":17571.7,"amount":0.00086152,"tid":205364402,"timestamp":1671717955},{"type":"ask","price":17571.7,"amount":0.00029902,"tid":205364401,"timestamp":1671716303},{"type":"ask","price":17571.6755,"amount":0.00010112,"tid":205364400,"timestamp":1671715584},{"type":"ask","price":17571.67621,"amount":0.0257545,"tid":205364399,"timestamp":1671715563},{"type":"ask","price":17571.67622,"amount":0.02565878,"tid":205364398,"timestamp":1671715563},{"type":"ask","price":17571.7,"amount":0.0009,"tid":205364397,"timestamp":1671715563},{"type":"bid","price":17563.1,"amount":0.00028692,"tid":205364396,"timestamp":1671712881},{"type":"ask","price":17563.1,"amount":0.0009,"tid":205364395,"timestamp":1671712881},{"type":"ask","price":17563.1,"amount":0.00051244,"tid":205364394,"timestamp":1671712681},{"type":"bid","price":17806.1,"amount":0.000121,"tid":205364393,"timestamp":1671712217},{"type":"ask","price":17563.1,"amount":0.00021234,"tid":205364392,"timestamp":1671711906},{"type":"ask","price":17563.2,"amount":0.00039969,"tid":205364391,"timestamp":1671710593},{"type":"ask","price":17650.1,"amount":0.00021082,"tid":205364390,"timestamp":1671707758},{"type":"ask","price":17650.1,"amount":0.00013776,"tid":205364389,"timestamp":1671707692},{"type":"ask","price":17650.1,"amount":0.00017429,"tid":205364388,"timestamp":1671707613},{"type":"ask","price":17650.1,"amount":0.00010123,"tid":205364387,"timestamp":1671707535},{"type":"bid","price":17806.2,"amount":0.00038563,"tid":205364386,"timestamp":1671707285},{"type":"ask","price":17650.1,"amount":0.00017429,"tid":205364385,"timestamp":1671707210},{"type":"ask","price":17650.1,"amount":0.00010123,"tid":205364384,"timestamp":1671707132},{"type":"ask","price":17650.1,"amount":0.00028388,"tid":205364383,"timestamp":1671706992},{"type":"ask","price":17650.3,"amount":0.00040112,"tid":205364382,"timestamp":1671706067},{"type":"ask","price":17650.1,"amount":0.00076473,"tid":205364381,"timestamp":1671703984},{"type":"ask","price":17650,"amount":0.00039897,"tid":205364380,"timestamp":1671702295},{"type":"bid","price":17800,"amount":0.00195061,"tid":205364379,"timestamp":1671698204},{"type":"bid","price":17753.2,"amount":0.0004168,"tid":205364378,"timestamp":1671697704},{"type":"bid","price":17700,"amount":0.00052457,"tid":205364377,"timestamp":1671696953},{"type":"bid","price":17699.9,"amount":0.0009,"tid":205364376,"timestamp":1671696953},{"type":"ask","price":17700,"amount":0.006,"tid":205364375,"timestamp":1671696222},{"type":"ask","price":17700,"amount":0.00391251,"tid":205364374,"timestamp":1671696222},{"type":"ask","price":17700,"amount":0.00068089,"tid":205364373,"timestamp":1671696136},{"type":"ask","price":17700,"amount":0.0014066,"tid":205364372,"timestamp":1671696129},{"type":"bid","price":17819.80011,"amount":0.00028746,"tid":205364371,"timestamp":1671691641},{"type":"bid","price":17819.6,"amount":0.0009,"tid":205364370,"timestamp":1671691640},{"type":"bid","price":17819.59979,"amount":0.00389542,"tid":205364369,"timestamp":1671691640},{"type":"bid","price":17819.59979,"amount":0.00055943,"tid":205364368,"timestamp":1671691640},{"type":"bid","price":17819.59979,"amount":0.00028842,"tid":205364367,"timestamp":1671691640},{"type":"bid","price":17819.59979,"amount":0.00029865,"tid":205364366,"timestamp":1671691640},{"type":"bid","price":17819.59979,"amount":0.00010679,"tid":205364365,"timestamp":1671691639},{"type":"bid","price":17819.59979,"amount":0.0034359,"tid":205364364,"timestamp":1671691638},{"type":"bid","price":17819.80009999,"amount":0.00900437,"tid":205364363,"timestamp":1671691432},{"type":"bid","price":17816.138645,"amount":0.00017276,"tid":205364362,"timestamp":1671691432},{"type":"bid","price":17815.8,"amount":0.0009,"tid":205364361,"timestamp":1671691432},{"type":"bid","price":17546,"amount":0.00000001,"tid":205364360,"timestamp":1671691427},{"type":"bid","price":17546,"amount":0.03984022,"tid":205364359,"timestamp":1671691427},{"type":"ask","price":17546,"amount":0.0009,"tid":205364358,"timestamp":1671691427},{"type":"bid","price":17700,"amount":0.00001205,"tid":205364357,"timestamp":1671691339},{"type":"bid","price":17700,"amount":0.00299767,"tid":205364356,"timestamp":1671691339},{"type":"bid","price":17815.79999,"amount":0.00281704,"tid":205364355,"timestamp":1671690961},{"type":"bid","price":17700,"amount":0.00433006,"tid":205364354,"timestamp":1671690961},{"type":"bid","price":17700,"amount":0.00056384,"tid":205364353,"timestamp":1671690960},{"type":"bid","price":17700,"amount":0.0001061,"tid":205364352,"timestamp":1671690756},{"type":"bid","price":17800,"amount":0.00057016,"tid":205364351,"timestamp":1671689217},{"type":"ask","price":17819.79725,"amount":0.00218523,"tid":205364350,"timestamp":1671689088},{"type":"bid","price":17819.79724,"amount":0.02478839,"tid":205364349,"timestamp":1671689088},{"type":"bid","price":17819.69999998,"amount":0.00014677,"tid":205364348,"timestamp":1671689088},{"type":"bid","price":17819.6,"amount":0.0009,"tid":205364347,"timestamp":1671689088},{"type":"bid","price":17800,"amount":0.01,"tid":205364346,"timestamp":1671689088},{"type":"ask","price":17546.00019,"amount":0.00013,"tid":205364345,"timestamp":1671688965},{"type":"bid","price":17819.7,"amount":0.00035568,"tid":205364344,"timestamp":1671688691},{"type":"bid","price":17794.5755149,"amount":0.00017967,"tid":205364343,"timestamp":1671688519},{"type":"bid","price":17804.6374742,"amount":0.00018996,"tid":205364342,"timestamp":1671688165},{"type":"bid","price":17804.59999998,"amount":0.00014677,"tid":205364341,"timestamp":1671688161},{"type":"bid","price":17804.5,"amount":0.0009,"tid":205364340,"timestamp":1671688155},{"type":"bid","price":17804.6,"amount":0.00057723,"tid":205364339,"timestamp":1671687723},{"type":"bid","price":17551.8,"amount":0.00000048,"tid":205364338,"timestamp":1671681404},{"type":"ask","price":17551.8,"amount":0.0001,"tid":205364337,"timestamp":1671681400},{"type":"ask","price":17551.80031,"amount":0.00008824,"tid":205364336,"timestamp":1671679797},{"type":"ask","price":17587.23828514,"amount":0.00020044,"tid":205364335,"timestamp":1671679796},{"type":"ask","price":17587.3,"amount":0.00019683,"tid":205364334,"timestamp":1671679796},{"type":"ask","price":17613.63985001,"amount":0.00020747,"tid":205364333,"timestamp":1671679327},{"type":"ask","price":17613.7,"amount":0.00016787,"tid":205364332,"timestamp":1671679327},{"type":"ask","price":17640,"amount":0.00010061,"tid":205364331,"timestamp":1671679327},{"type":"bid","price":17870.1,"amount":0.00016787,"tid":205364330,"timestamp":1671678147},{"type":"bid","price":17872.79989,"amount":0.00141,"tid":205364329,"timestamp":1671676542},{"type":"ask","price":17820,"amount":0.00141665,"tid":205364328,"timestamp":1671674348},{"type":"bid","price":17820,"amount":0.0001,"tid":205364327,"timestamp":1671674340},{"type":"bid","price":17587.3,"amount":0.00144822,"tid":205364326,"timestamp":1671674137},{"type":"bid","price":17587.3,"amount":0.00021789,"tid":205364325,"timestamp":1671673734},{"type":"bid","price":17587.3,"amount":0.0009,"tid":205364324,"timestamp":1671673687},{"type":"bid","price":17587.3,"amount":0.0009,"tid":205364323,"timestamp":1671673642},{"type":"bid","price":17587.3,"amount":0.0009,"tid":205364322,"timestamp":1671673606},{"type":"bid","price":17587.3,"amount":0.0009,"tid":205364321,"timestamp":1671673503},{"type":"bid","price":17587.3,"amount":0.00423218,"tid":205364320,"timestamp":1671673453},{"type":"ask","price":17587.3,"amount":0.0009,"tid":205364319,"timestamp":1671673452},{"type":"ask","price":17819.7,"amount":0.00074834,"tid":205364318,"timestamp":1671673017},{"type":"ask","price":17819.7,"amount":0.00010123,"tid":205364317,"timestamp":1671673001},{"type":"bid","price":17819.7,"amount":0.0009,"tid":205364316,"timestamp":1671672983},{"type":"bid","price":17640,"amount":0.00048562,"tid":205364315,"timestamp":1671672726},{"type":"bid","price":17640,"amount":0.00357526,"tid":205364314,"timestamp":1671672726},{"type":"bid","price":17640,"amount":0.00099616,"tid":205364313,"timestamp":1671672722},{"type":"ask","price":17640,"amount":0.00030337,"tid":205364312,"timestamp":1671672718},{"type":"ask","price":17653.2,"amount":0.0009,"tid":205364311,"timestamp":1671672553},{"type":"bid","price":17653.29999997,"amount":0.00048562,"tid":205364310,"timestamp":1671672415},{"type":"bid","price":17653.29999999,"amount":0.0009,"tid":205364309,"timestamp":1671672390},{"type":"ask","price":17653.3,"amount":0.0009,"tid":205364308,"timestamp":1671672383},{"type":"bid","price":17803.89998999,"amount":0.00430699,"tid":205364307,"timestamp":1671669351},{"type":"bid","price":17803.89998999,"amount":0.01040354,"tid":205364306,"timestamp":1671669351},{"type":"bid","price":17803.89998999,"amount":0.00265455,"tid":205364305,"timestamp":1671669347},{"type":"bid","price":17798.5999,"amount":0.01990547,"tid":205364304,"timestamp":1671656684},{"type":"ask","price":17640,"amount":0.00017176,"tid":205364303,"timestamp":1671656190},{"type":"bid","price":17807.69982,"amount":0.00201428,"tid":205364302,"timestamp":1671655375},{"type":"bid","price":17807.6,"amount":0.0009,"tid":205364301,"timestamp":1671655375},{"type":"bid","price":17808,"amount":0.00084611,"tid":205364300,"timestamp":1671655150},{"type":"bid","price":17810.39998,"amount":0.00027997,"tid":205364299,"timestamp":1671653688},{"type":"bid","price":17811.19998,"amount":0.00084955,"tid":205364298,"timestamp":1671653149},{"type":"ask","price":17640.00001,"amount":0.01044756,"tid":205364297,"timestamp":1671652191},{"type":"ask","price":17640.0000435,"amount":0.00021121,"tid":205364296,"timestamp":1671652191},{"type":"ask","price":17640.1,"amount":0.0009,"tid":205364295,"timestamp":1671652191},{"type":"ask","price":17640.00091,"amount":0.00231658,"tid":205364294,"timestamp":1671651589},{"type":"ask","price":17640.00092,"amount":0.01889203,"tid":205364293,"timestamp":1671651589},{"type":"ask","price":17640.1,"amount":0.0009,"tid":205364292,"timestamp":1671651589},{"type":"ask","price":17640.00407,"amount":0.00014566,"tid":205364291,"timestamp":1671648289},{"type":"ask","price":17640.00407,"amount":0.00014566,"tid":205364290,"timestamp":1671648286},{"type":"ask","price":17640.00406,"amount":0.00014566,"tid":205364289,"timestamp":1671648282},{"type":"ask","price":17640.00404,"amount":0.00088488,"tid":205364288,"timestamp":1671648268},{"type":"ask","price":17640.1,"amount":0.0009,"tid":205364287,"timestamp":1671648268},{"type":"ask","price":17640.1,"amount":0.00017656,"tid":205364286,"timestamp":1671647945}]}